@misc{alpha_beta_pruning_tutorial,
  author       = "{Bo Cuoi Lam Data}",
  title        = "{ALPHA - BETA Pruning}",
  year         = "2019",
  howpublished = "\url{https://www.youtube.com/watch?v=FAY3un6Hhq0}",
}
@misc{alpha_beta_pruning_practice,
  author       = "{Pascal Sch√§rli}",
  title        = "{AlphaBeta Pruning Practice}",
  year         = "2025",
  howpublished = "\url{https://schaerli.org/info2/abTreePractice/}",
}
@misc{hill_climbing_algorithm,
  author       = "{Bui Tien Len}",
  title        = "{AI Slide - Search}",
  year         = "2025",
  howpublished = "\url{https://drive.google.com/drive/folders/1CLrbykFrmt8pG_NzleBZTG2bW74zq0iL}",
}